<record><leader>00000cas a22000007a 4500</leader><controlfield tag="001">10344821</controlfield><controlfield tag="008">840127d18571858maudn ne      0    0eng d</controlfield><datafield ind1=" " ind2=" " tag="010"><subfield code="a">sn 84022199 </subfield></datafield><datafield ind1=" " ind2=" " tag="040"><subfield code="a">NPX</subfield><subfield code="b">eng</subfield><subfield code="c">NPX</subfield><subfield code="d">MGN</subfield><subfield code="d">CRL</subfield><subfield code="d">UKMGB</subfield><subfield code="d">OCLCQ</subfield></datafield><datafield ind1="7" ind2=" " tag="016"><subfield code="a">013914976</subfield><subfield code="2">Uk</subfield></datafield><datafield ind1=" " ind2=" " tag="042"><subfield code="a">msc</subfield></datafield><datafield ind1=" " ind2=" " tag="043"><subfield code="a">n-us-ma</subfield></datafield><datafield ind1="0" ind2="4" tag="245"><subfield code="a">The Daily evening bee.</subfield></datafield><datafield ind1="1" ind2="3" tag="246"><subfield code="a">Boston daily bee</subfield><subfield code="f">1857-Apr. 28, 1858</subfield></datafield><datafield ind1="1" ind2="7" tag="246"><subfield code="a">Boston daily evening bee</subfield><subfield code="f">Nov. 16, 1857-1858</subfield></datafield><datafield ind1=" " ind2=" " tag="260"><subfield code="a">Boston [Mass.] :</subfield><subfield code="b">Bradbury &amp; Co.,</subfield><subfield code="c">1857-1858.</subfield></datafield><datafield ind1=" " ind2=" " tag="300"><subfield code="a">v. ;</subfield><subfield code="c">63 cm.</subfield></datafield><datafield ind1=" " ind2=" " tag="310"><subfield code="a">Daily (except Sun. and holidays)</subfield></datafield><datafield ind1="0" ind2=" " tag="362"><subfield code="a">Vol. 31, no. 4777 (Sept. 17, 1857)-v. 32, no. 4977 (May 15, 1858).</subfield></datafield><datafield ind1=" " ind2=" " tag="500"><subfield code="a">Publisher: The Bee Printing Co., Feb. 13-May 15, 1858.</subfield></datafield><datafield ind1=" " ind2=" " tag="500"><subfield code="a">American Republican.</subfield></datafield><datafield ind1=" " ind2=" " tag="580"><subfield code="a">Morning ed.: Boston daily bee, 1857.</subfield></datafield><datafield ind1=" " ind2=" " tag="752"><subfield code="a">United States</subfield><subfield code="b">Massachusetts</subfield><subfield code="c">Suffolk</subfield><subfield code="d">Boston.</subfield></datafield><datafield ind1="1" ind2=" " tag="775"><subfield code="t">Boston daily bee</subfield><subfield code="w">(DLC)sn 84022198</subfield><subfield code="w">(OCoLC)10344726</subfield></datafield><datafield ind1="0" ind2="0" tag="785"><subfield code="t">Atlas and daily bee</subfield><subfield code="w">(DLC)sn 84022202</subfield><subfield code="w">(OCoLC)10345167</subfield></datafield></record>